%
%  An example of a bibliographical database for bibTeX
%
%  Recommended software for maintenance of *.bib files:
%    JabRef, http://jabref.sourceforge.net/
%
%  BEWARE:
%
%    *  If a name contains a capital letter, which must be kept such,
%       use curly brackets ({T}hailand, {HIV}).
%
%  ===========================================================================

@article{raman2007succinct,
  title={Succinct indexable dictionaries with applications to encoding k-ary trees, prefix sums and multisets},
  author={Raman, Rajeev and Raman, Venkatesh and Satti, Srinivasa Rao},
  journal={ACM Transactions on Algorithms (TALG)},
  volume={3},
  number={4},
  pages={43},
  year={2007},
  publisher={ACM}
}

@inproceedings{gonzalez2005practical,
  title={Practical implementation of rank and select queries},
  author={Gonz{\'a}lez, Rodrigo and Grabowski, Szymon and M{\"a}kinen, Veli and Navarro, Gonzalo},
  booktitle={Proc. of WEA},
  pages={27--38},
  year={2005}
}

@inproceedings{kim2005efficient,
  title={Efficient implementation of rank and select functions for succinct representation},
  author={Kim, Dong Kyue and Na, Joong Chae and Kim, Ji Eun and Park, Kunsoo},
  booktitle={International Workshop on Experimental and Efficient Algorithms},
  pages={315--327},
  year={2005},
  organization={Springer Berlin Heidelberg}
}

@article{makinen2007rank,
  title={Rank and select revisited and extended},
  author={M{\"a}kinen, Veli and Navarro, Gonzalo},
  journal={Theoretical Computer Science},
  volume={387},
  number={3},
  pages={332--347},
  year={2007},
  publisher={Elsevier}
}

@inproceedings{jacobson1989space,
  title={Space-efficient static trees and graphs},
  author={Jacobson, Guy},
  booktitle={Foundations of Computer Science, 1989., 30th Annual Symposium on},
  pages={549--554},
  year={1989},
  organization={IEEE}
}

@inproceedings{rahman2006engineering,
  title={Engineering the LOUDS succinct tree representation},
  author={Rahman, Naila and Raman, Rajeev},
  booktitle={International Workshop on Experimental and Efficient Algorithms},
  pages={134--145},
  year={2006},
  organization={Springer Berlin Heidelberg}
}

@inproceedings{munro1998space,
  title={Space efficient suffix trees},
  author={Munro, Ian and Raman, Venkatesh and Rao, S Srinivasa},
  booktitle={International Conference on Foundations of Software Technology and Theoretical Computer Science},
  pages={186--196},
  year={1998},
  organization={Springer}
}

@article{lu2008balanced,
  title={Balanced parentheses strike back},
  author={Lu, Hsueh-I and Yeh, Chia-Chi},
  journal={ACM Transactions on Algorithms (TALG)},
  volume={4},
  number={3},
  pages={28},
  year={2008},
  publisher={ACM}
}

@article{fredman1993surpassing,
  title={Surpassing the information theoretic bound with fusion trees},
  author={Fredman, Michael L and Willard, Dan E},
  journal={Journal of computer and system sciences},
  volume={47},
  number={3},
  pages={424--436},
  year={1993},
  publisher={Elsevier}
}

@inproceedings{puatracscu2006time,
  title={Time-space trade-offs for predecessor search},
  author={P{\u{a}}tra{\c{s}}cu, Mihai and Thorup, Mikkel},
  booktitle={Proceedings of the thirty-eighth annual ACM symposium on Theory of computing},
  pages={232--240},
  year={2006},
  organization={ACM}
}

@article{grossi2009more,
  title={More haste, less waste: Lowering the redundancy in fully indexable dictionaries},
  author={Grossi, Roberto and Orlandi, Alessio and Raman, Rajeev and Rao, S Srinivasa},
  journal={arXiv preprint arXiv:0902.2648},
  year={2009}
}

@inproceedings{patrascu2008succincter,
  title={Succincter},
  author={Patrascu, Mihai},
  booktitle={Foundations of Computer Science, 2008. FOCS'08. IEEE 49th Annual IEEE Symposium on},
  pages={305--313},
  year={2008},
  organization={IEEE}
}

@inproceedings{sadakane2010fully,
  title={Fully-functional succinct trees},
  author={Sadakane, Kunihiko and Navarro, Gonzalo},
  booktitle={Proceedings of the twenty-first annual ACM-SIAM symposium on Discrete Algorithms},
  pages={134--149},
  year={2010},
  organization={Society for Industrial and Applied Mathematics}
}

@article{geary2006succinct,
  title={Succinct ordinal trees with level-ancestor queries},
  author={Geary, Richard F and Raman, Rajeev and Raman, Venkatesh},
  journal={ACM Transactions on Algorithms (TALG)},
  volume={2},
  number={4},
  pages={510--534},
  year={2006},
  publisher={ACM}
}

@inproceedings{farzan2008uniform,
  title={A uniform approach towards succinct representation of trees},
  author={Farzan, Arash and Munro, J Ian},
  booktitle={Scandinavian Workshop on Algorithm Theory},
  pages={173--184},
  year={2008},
  organization={Springer Berlin Heidelberg}
}

@article{farzan2014uniform,
  title={A uniform paradigm to succinctly encode various families of trees},
  author={Farzan, Arash and Munro, J Ian},
  journal={Algorithmica},
  volume={68},
  number={1},
  pages={16--40},
  year={2014},
  publisher={Springer US}
}

@article{farzan2009universal,
  title={Universal Succinct Representations of Trees?},
  author={Farzan, Arash and Raman, Rajeev and Rao, S},
  journal={Automata, Languages and Programming},
  pages={451--462},
  year={2009},
  publisher={Springer Berlin/Heidelberg}
}

@inproceedings{joannou2012dynamizing,
  title={Dynamizing succinct tree representations},
  author={Joannou, Stelios and Raman, Rajeev},
  booktitle={International Symposium on Experimental Algorithms},
  pages={224--235},
  year={2012},
  organization={Springer}
}

@article{jansson2012ultra,
  title={Ultra-succinct representation of ordered trees with applications},
  author={Jansson, Jesper and Sadakane, Kunihiko and Sung, Wing-Kin},
  journal={Journal of Computer and System Sciences},
  volume={78},
  number={2},
  pages={619--631},
  year={2012},
  publisher={Elsevier}
}

@inproceedings{delpratt2008engineering,
  title={Engineering succinct DOM},
  author={Delpratt, O'Neil and Raman, Rajeev and Rahman, Naila},
  booktitle={Proceedings of the 11th international conference on Extending database technology: Advances in database technology},
  pages={49--60},
  year={2008},
  organization={ACM}
}

@article{munro2001space,
  title={Space efficient suffix trees},
  author={Munro, J Ian and Raman, Venkatesh and Rao, S Srinivasa},
  journal={Journal of Algorithms},
  volume={39},
  number={2},
  pages={205--222},
  year={2001},
  publisher={Elsevier}
}

@article{kernighan2006c,
  title={The C programming language},
  author={Kernighan, Brian W and Ritchie, Dennis M},
  year={2006}
}

@book{intelsys,
  author={{Intel Corporation}},
  title={{Intel\textsuperscript{\textregistered} 64 and IA-32 Architectures Software Developer's Manual}},
  year={2009},
  month={December},
  number={253669-033US},
}

@phdthesis{clark1998compact,
 author = {Clark, David Richard},
 title = {Compact Pat Trees},
 year = {1998},
 note = {UMI Order No. GAXNQ-21335},
 publisher = {University of Waterloo},
 address = {Waterloo, Ont., Canada, Canada},
}

@article{jacobson1988succinct,
  title={Succinct static data structures},
  author={Jacobson, Guy Joseph},
  year={1988},
  publisher={Carnegie Mellon University}
}

@article{geary2006simple,
  title={A simple optimal representation for balanced parentheses},
  author={Geary, Richard F and Rahman, Naila and Raman, Rajeev and Raman, Venkatesh},
  journal={Theoretical Computer Science},
  volume={368},
  number={3},
  pages={231--246},
  year={2006},
  publisher={Elsevier}
}

@inproceedings{arroyuelo2010succinct,
  title={Succinct trees in practice},
  author={Arroyuelo, Diego and C{\'a}novas, Rodrigo and Navarro, Gonzalo and Sadakane, Kunihiko},
  booktitle={Proceedings of the Meeting on Algorithm Engineering \& Expermiments},
  pages={84--97},
  year={2010},
  organization={Society for Industrial and Applied Mathematics}
}

@inproceedings{fischer2010optimal,
  title={Optimal succinctness for range minimum queries},
  author={Fischer, Johannes},
  booktitle={Latin American Symposium on Theoretical Informatics},
  pages={158--169},
  year={2010},
  organization={Springer Berlin Heidelberg}
}

@article{durocher2013simple,
  title={A simple linear-space data structure for constant-time range minimum query},
  author={Durocher, Stephane},
  journal={Space-Efficient Data Structures, Streams, and Algorithms},
  pages={48--60},
  year={2013},
  publisher={Springer Berlin Heidelberg}
}

@inproceedings{bender2000lca,
  title={The LCA problem revisited},
  author={Bender, Michael A and Farach-Colton, Martin},
  booktitle={Latin American Symposium on Theoretical Informatics},
  pages={88--94},
  year={2000},
  organization={Springer Berlin Heidelberg}
}

@article{belbachircombinatorial,
  title={A combinatorial contribution to the multinomial Chu-Vandermonde convolution},
  author={Belbachir, Hacene}
}

@article{chiang2005orderly,
  title={Orderly spanning trees with applications},
  author={Chiang, Yi-Ting and Lin, Ching-Chi and Lu, Hsueh-I},
  journal={SIAM Journal on Computing},
  volume={34},
  number={4},
  pages={924--945},
  year={2005},
  publisher={SIAM}
}

@article{munro2012succinct,
  title={Succinct representations of permutations and functions},
  author={Munro, J Ian and Raman, Rajeev and Raman, Venkatesh and Rao, Srinivasa},
  journal={Theoretical Computer Science},
  volume={438},
  pages={74--88},
  year={2012},
  publisher={Elsevier}
}

@inproceedings{benoit1999representing,
  title={Representing trees of higher degree},
  author={Benoit, David and Demaine, Erik D and Munro, J Ian and Raman, Venkatesh},
  booktitle={Workshop on Algorithms and Data Structures},
  pages={169--180},
  year={1999},
  organization={Springer}
}
